%--------------------------1Intro
@article{lee2015asymptomatic,
  title={Asymptomatic spread of huanglongbing and implications for disease control},
  author={Lee, Jo Ann and Halbert, Susan E and Dawson, William O and Robertson, Cecile J and Keesling, James E and Singer, Burton H},
  journal={Proceedings of the National Academy of Sciences},
  volume={112},
  number={24},
  pages={7605--7610},
  year={2015},
  publisher={National Acad Sciences}
}

%--------------------------2Conceptos

%1
@article{aleman2007diaphorina,
  title={Diaphorina citri y la enfermedad huanglongbing: una combinaci{\'o}n destructiva para la producci{\'o}n citr{\'\i}cola},
  author={Alem{\'a}n, J and Ba{\~n}os, Heyker and Ravelo, Jennifer},
  journal={Revista de Protecci{\'o}n Vegetal},
  volume={22},
  number={3},
  pages={154--165},
  year={2007},
  publisher={1986 Centro Nacional de Sanidad Agropecuaria}
}

%2
@misc{senasica2017manual,
  title={Manual operativo de la campa{\~n}a contra el Huanglongbing de los c{\'\i}tricos},
  author={SENASICA, Servicio Nacional de Sanidad, Inocuidad y Calidad Agroalimentaria},
  journal={Direcci{\'o}n de Protecci{\'o}n Fitosanitaria-DGSV},
  pages={39},
  year={2017},
  publisher={M{\'e}xico, DF M{\'e}xico}
}

%3
@article{robles2012protocolo,
  title={Protocolo para establecer {\'a}reas regionales de control del Huanglongbing y el ps{\'\i}lido asi{\'a}tico de los c{\'\i}tricos (ARCOs)},
  author={Robles, GP},
  journal={SENASICA. SAGARPA},
  year={2012}
}

%4
@article{gottwald2007citrus,
  title={Citrus huanglongbing: the pathogen and its impact},
  author={Gottwald, Tim R and Gra{\c{c}}a, John V da and Bassanezi, Renato B},
  journal={Plant Health Progress},
  volume={8},
  number={1},
  pages={31},
  year={2007},
  publisher={Am Phytopath Society}
}

%5
@article{chohan2007molecular,
  title={Molecular evidence for the presence of huanglongbing in Pakistan},
  author={Chohan, Shahid Nadeem and Qamar, Raheel and Sadiq, Irfan and Azam, Maleeha and Holford, Paul and Beattie, Andrew},
  journal={Australasian plant disease notes},
  volume={2},
  number={1},
  pages={37--38},
  year={2007},
  publisher={CSIRO Publishing}
}

%6
@article{da2008biology,
  title={Biology, history and world status of huanglongbing},
  author={da Gra{\c{c}}a, John V},
  journal={Memorias del Taller Internacional sobre el Huanglongbing y el Ps{\'\i}lido asi{\'a}tico de los c{\'\i}tricos. Hermosillo, Son},
  year={2008}
}

%7
@article{mora2012huanglongbing,
  title={Huanglongbing. Ficha t{\'e}cnica. Colegio de postgraduados},
  author={Mora-Aguilera, G},
  journal={SENASICA. SAGARPA},
  year={2012}
}

%8
@inproceedings{da2010etiology,
  title={Etiology, history and world situation of citrus Huanglongbing},
  author={da Gra{\c{c}}a, John V},
  booktitle={2nd International workshop on citrus Huanglongbing and the Asian citrus psyllid. M{\'e}rida, Yucat{\'a}n, M{\'e}xico},
  year={2010}
}

%9
@article{dala2019effect,
  title={Effect of huanglongbing or greening disease on orange juice quality, a review},
  author={Dala-Paula, Bruno M and Plotto, Anne and Bai, Jinhe and Manthey, John A and Baldwin, Elizabeth A and Ferrarezi, Rhuanito S and Gloria, Maria Beatriz A},
  journal={Frontiers in plant science},
  volume={9},
  pages={1976},
  year={2019},
  publisher={Frontiers}
}

%10
@inproceedings{lopes2006vetor,
  title={Vetor da transmiss{\~a}o de Candidatus Liberibacter spp},
  author={Lopes, JRS},
  booktitle={Proceedings of the Huanglongbing--greening International Workshop},
  volume={1},
  pages={34},
  year={2006}
}

%11


@incollection{weaver1991science,
  title={Science and complexity},
  author={Weaver, Warren},
  booktitle={Facets of systems science},
  pages={449--456},
  year={1991},
  publisher={Springer}
}

%12
@misc{hoffmann1936congenital,
  title={Congenital syphilis: In the light of thirty years' investigation of the spirochete andtwenty-five years' experience with salvarsan},
  author={Hoffmann, Erich},
  journal={The Journal of Pediatrics},
  volume={9},
  number={5},
  pages={569--603},
  year={1936},
  publisher={Mosby}
}
%--------------------------3Normatividad
%1
@article{cortez2010control,
  title={Control qu{\'\i}mico de Diaphorina citri Kuwayama en c{\'\i}tricos dulces},
  author={Cortez-Mondaca, E and L{\'o}pez-Arroyo, JI and Hern{\'a}ndez-Fuentes, LM and Fu-Castillo, A and Loera-Gallardo, J},
  journal={M{\'e}xico: Selecci{\'o}n de insecticidas y {\'e}pocas de aplicaci{\'o}n. Folleto T{\'e}cnico},
  number={35},
  year={2010}
}


%--------------------------4Code

@misc{sayama_2013, title={PyCX: A python-based Simulation Code Repository for Complex Systems Education - complex adaptive systems modeling}, url={https://casmodeling.springeropen.com/articles/10.1186/2194-3206-1-2#citeas}, journal={SpringerOpen}, publisher={Springer Berlin Heidelberg}, author={Sayama, Hiroki}, year={2013}, month={Mar}
} 

%--------------------------5Resultados








